@BOOK{Altman1992,
	AUTHOR="Altman N. S.",
	TITLE="An introduction to kernel and nearest-neighbor nonparametric regression",
	PUBLISHER="The American Statistician 46 (3)",
	YEAR="1992",
}

@BOOK{CortesVapnik1995,
	AUTHOR="Cortes, C., Vapnik, V.",
	TITLE="Support-vector networks",
	PUBLISHER="Machine Learning 20 (3)",
	YEAR="1995",
}

@BOOK{Breiman2001,
AUTHOR="Breiman, L.",
TITLE="Random Forests",
PUBLISHER="Machine Learning 45 (1)",
YEAR="2001",
}

@BOOK{Pedregosa2011,
	AUTHOR="Pedregos F.",
	TITLE="Scikit-learn: Machine learning in Python",
	PUBLISHER="Journal of Machine Learning Research",
	YEAR="2011",
}

@online{Scikit-Learn_Website,
	AUTHOR="David Cournapeau",
	TITLE="Scikit-learn website",
	YEAR="2007",
	URL={http://scikit-learn.org},
	URLDATE={2017-03-18}		
}